@techreport{am84,
  author = {Anderson, Richard and Mayr, Ernst W.},
  title = {A P-complete problem and approximations to it},
  year = 1984,
  month = 9,
  publisher = {Stanford University},
  institution = {Stanford University, Department of Computer Science},
  address = {Stanford, CA, USA}
}

@article{greenlaw89,
  author = {Raymond Greenlaw},
  title = {Ordered Vertex Removal and Subgraph Problems},
  journal = {Journal of Computer and System Sciences},
  volume = 39,
  number = 3,
  pages = {323--342},
  year = 1989,
  issn = {0022-0000},
  doi = {10.1016/0022-0000(89)90026-3}
}
